@inproceedings{patternlanguage,
  title={G. A pattern language for pattern writing},
  author={Meszaros, Doble J and Doble, Jim},
  booktitle={Proceedings of International Conference on Pattern languages of program design (1997)},
  volume={131},
  pages={164},
  year={1997}
}

@article{dmp,
author = {Miksa, Tomasz and Rauber, Andreas and Ganguly, Roman and Budroni, Paolo},
year = {2017},
month = {09},
pages = {22},
title = {Information Integration for Machine Actionable Data Management Plans},
volume = {12},
journal = {International Journal of Digital Curation},
doi = {10.2218/ijdc.v12i1.529}
}

@article{onteth,
author = {Koepsell, David and Arp, Robert and Fostel, Jennifer and Smith, Barry},
year = {2009},
month = {04},
pages = {43-58},
title = {Creating A Controlled Vocabulary for the Ethics of Human Research: Towards A Biomedical Ethics Ontology},
volume = {4},
journal = {Journal of empirical research on human research ethics : JERHRE},
doi = {10.1525/jer.2009.4.1.43}
}


@article{madmp,
    author = {Miksa, Tomasz AND Simms, Stephanie AND Mietchen, Daniel AND Jones, Sarah},
    journal = {PLOS Computational Biology},
    publisher = {Public Library of Science},
    title = {Ten principles for machine-actionable data management plans},
    year = {2019},
    month = {03},
    volume = {15},
    url = {https://doi.org/10.1371/journal.pcbi.1006750},
    pages = {1-15},
    number = {3},
    doi = {10.1371/journal.pcbi.1006750}
}

@article{rephospital,
author = {F Watson, Lyndsey and Rayner, Jo-Anne and M Lumley, Judith},
year = {2007},
month = {12},
pages = {514-22},
title = {Hospital ethics approval for a population-based case-control study of very preterm birth},
volume = {31},
journal = {Australian health review : a publication of the Australian Hospital Association},
doi = {10.1071/AH070514}
}

@article{rep,
author = {Claudia Vadeboncoeur and Nick Townsend and Charlie Foster and Mark Sheehan},
title ={{}Variation in university research ethics review: Reflections following an inter-university study in England}},
journal = {Research Ethics},
volume = {12},
number = {4},
pages = {217-233},
year = {2016},
doi = {10.1177/1747016116652650},

URL = { 
        https://doi.org/10.1177/1747016116652650
    
},
eprint = { 
        https://doi.org/10.1177/1747016116652650
    
}
}

@article{fair,
  title={The FAIR Guiding Principles for scientific data management and stewardship},
  author={Wilkinson, Mark D and Dumontier, Michel and Aalbersberg, IJsbrand Jan and Appleton, Gabrielle and Axton, Myles and Baak, Arie and Blomberg, Niklas and Boiten, Jan-Willem and da Silva Santos, Luiz Bonino and Bourne, Philip E and others},
  journal={Scientific data},
  volume={3},
  year={2016},
  doi={10.1038/sdata.2016.18},
  publisher={Nature Publishing Group}
}

@article{example1,
  title={Ethical review of research protocols: experience of a research ethics committee},
  author={Mart{\'\i}n-Arribas, M Concepci{\'o}n and Rodr{\'\i}guez-Lozano, Isabel and Arias-D{\'\i}az, Javier},
  journal={Revista Espa{\~n}ola de Cardiolog{\'\i}a (English Edition)},
  volume={65},
  number={6},
  pages={525--529},
  year={2012},
  publisher={Elsevier}
}

@unpublished{mallet,
  author = "Kachites McCallum, Andrew",
  title = "SMILE: Statistical Machine Intelligence \& Learning Engine",
  note = "https://haifengl.github.io/smile/",
  year = 2002}
  
 @unpublished{smilekeyword,
  author = "Li, Haifeng",
  title = "MALLET: A Machine Learning for Language Toolkit",
  note = "http://mallet.cs.umass.edu",
  year = 2014}
  
 @phdthesis{dsap,
  title={DSAP: Data Sharing Agreement Privacy Ontology},
  author={Li, Mingyuan},
  year={2018}
}

@book{alexanderpatterns,
  title={A Pattern Language: Towns, Buildings, Construction},
  author={Alexander, C. and Alexander, P.D.A.C. and Ishikawa, S. and Silverstein, M. and Jacobson, M. and Center for Environmental Structure and Fiksdahl-King, I. and Shlomo, A.},
  isbn={9780195019193},
  lccn={74022874},
  series={Center for Environmental Structure Berkeley, Calif: Center for Environmental Structure series},
  year={1977},
  publisher={OUP USA}
}
@book{buschmannpatterns,
  title={Software Patterns},
  author={Buschmann, F and Meunier, R and Rohnert, H and Sommerland, P and Stal, M},
  year={1996},
  publisher={John Wiley \& Sons}
}

@misc{cc,
  title = {{Creative Commons} licenses},
  URL = {https://creativecommons.org/licenses/},
  note = {Accessed: 2019-05-28}
}

@misc{agpl,
  title = {{GNU Affero General Public} licenses},
  URL = {https://www.gnu.org/licenses/agpl-3.0.en.html},
  note = {Accessed: 2019-05-28}
}

@misc{dmptool,
  title = {{DMPTool}},
  URL = {https://dmptool.org/},
  note = {Accessed: 2019-05-29}
}

@misc{dmprmap,
  title = {{DMPRoadmap}},
  URL = {https://github.com/DMPRoadmap/roadmap},
  note = {Accessed: 2019-05-29}
}


@misc{dmpblog,
  title = {Machine-actionable {DMPs}: What can we automate?},
  author = {Stephanie Simms},
  URL = {https://blog.dmptool.org/2018/08/20/machine-actionable-dmps-what-can-we-automate/},
  note = {Accessed: 2019-05-28}
}

@misc{deon,
    title = {deon: An ethics checklist for data scientists},
    author = {Emily Miller and Peter Bull},
    URL = {http://deon.drivendata.org},
    note = {Accessed: 2019-04-28}
}

@misc{duo,
    title = {DUO - the Data Use Ontology},
    author = { David An, Dylan Spalding, Giselle Kerry, Gregory Rushton, Moran Ncabili, Stephanie Dyke, Cooper Stansbury, J. Neil Otte},
    URL = {https://github.com/EBISPOT/DUO},
    note = {Accessed: 2019-05-28}
}

@misc{ico,
    title = {Informed Consent Ontology (ICO)},
    author = {
    Oliver He,
    Asiyah Yu Lin et al.,
    Frank J. Manion
   
},
    URL = {https://github.com/ICO-ontology/ICO},
    note = {Accessed: 2019-05-28}
}

@article{ocre,
author = {Tu, Samson and Carini, Simona and Rector, Alan and Maccallum, Peter and Toujilov, Igor and Harris, Steve and Sim, Ida},
year = {2009},
month = {01},
pages = {},
title = {OCRe: An Ontology of Clinical Research}
}

@misc{agro,
    title = {CGIAR Agronomy Ontology},
    author = {Aubert C, Buttigieg PL, Laporte MA, Devare M, Arnaud E.},
    year = {2017},
    URL = {http://purl.obolibrary.org/obo/agro.owl},
    note = {Accessed: 2019-05-28}
}

@misc{sedi,
    title = {Semantic DICOM Ontology},
    URL = {https://bioportal.bioontology.org/ontologies/SEDI},
    note = {Accessed: 2019-05-28}
}

@misc{iao,
    title = {Information Artifact Ontology (IAO) },
    author = {Chris Stoeckert et al.},
    URL = {https://github.com/information-artifact-ontology/IAO},
    note = {Accessed: 2019-05-28}
}

@misc{sty,
    title = {Semantic Types Ontology},
    URL = {https://bioportal.bioontology.org/ontologies/STY?p=summary},
    note = {Accessed: 2019-05-28}
}

@misc{ncit,
    title = {National Cancer Institute Thesaurus},
    author = {National Cancer Institute Center for Bioinformatics},
    URL = {https://ncit.nci.nih.gov/ncitbrowser/},
    note = {Accessed: 2019-05-28}
}

@misc{snomed,
    title = {SNOMED CT},
    author = {SNOMED International},
    URL = {https://www.snomed.org/},
    note = {Accessed: 2019-05-28}
}

@misc{mesh,
    title = {Medical Subject Headings (MeSH)},
    author = {United States National Library of Medicine},
    URL = {https://www.nlm.nih.gov/mesh/},
    note = {Accessed: 2019-05-28}
}

@data{casestudy,

author = {Madrid, Ra√∫l},

publisher = {QDR Main Collection},

title = "{The rise of ethnic politics in Latin America}",

year = {2016},

version = {V1},

doi = {10.5064/F6MS3QNV},

url = {https://doi.org/10.5064/F6MS3QNV}

}
